
    <zs:record>
      <zs:recordSchema/>
      <zs:recordPacking>xml</zs:recordPacking>
      <zs:recordData>
        <record xmlns="http://www.loc.gov/MARC21/slim">
          <leader>00962cam a2200253 a 4500</leader>
          <controlfield tag="001">2891340</controlfield>
          <controlfield tag="005">20050705144856.0</controlfield>
          <controlfield tag="008">860418r19821897enkabf        001 0aeng c</controlfield>
          <datafield tag="035" ind1=" " ind2=" ">
            <subfield code="9">(DLC)   86672577</subfield>
          </datafield>
          <datafield tag="906" ind1=" " ind2=" ">
            <subfield code="a">7</subfield>
            <subfield code="b">cbc</subfield>
            <subfield code="c">orignew</subfield>
            <subfield code="d">u</subfield>
            <subfield code="e">ncip</subfield>
            <subfield code="f">19</subfield>
            <subfield code="g">y-gencatlg</subfield>
          </datafield>
          <datafield tag="010" ind1=" " ind2=" ">
            <subfield code="a">   86672577 </subfield>
          </datafield>
          <datafield tag="020" ind1=" " ind2=" ">
            <subfield code="a">0860682668 (pbk.)</subfield>
          </datafield>
          <datafield tag="040" ind1=" " ind2=" ">
            <subfield code="a">MH</subfield>
            <subfield code="c">MH</subfield>
            <subfield code="d">DLC</subfield>
          </datafield>
          <datafield tag="043" ind1=" " ind2=" ">
            <subfield code="a">fw-----</subfield>
          </datafield>
          <datafield tag="050" ind1="1" ind2="4">
            <subfield code="a">DT472</subfield>
            <subfield code="b">.K53x 1982</subfield>
          </datafield>
          <datafield tag="100" ind1="1" ind2=" ">
            <subfield code="a">Kingsley, Mary Henrietta,</subfield>
            <subfield code="d">1862-1900.</subfield>
          </datafield>
          <datafield tag="245" ind1="1" ind2="0">
            <subfield code="a">Travels in West Africa :</subfield>
            <subfield code="b">Congo francais, Corisco, and Cameroons /</subfield>
            <subfield code="c">Mary H. Kingsley ; with a new introduction by Elizabeth Claridge.</subfield>
          </datafield>
          <datafield tag="250" ind1=" " ind2=" ">
            <subfield code="a">4th ed.</subfield>
          </datafield>
          <datafield tag="260" ind1=" " ind2=" ">
            <subfield code="a">London :</subfield>
            <subfield code="b">Virago,</subfield>
            <subfield code="c">1982.</subfield>
          </datafield>
          <datafield tag="300" ind1=" " ind2=" ">
            <subfield code="a">xxiv, 741 p., [16] p. of plates :</subfield>
            <subfield code="b">ill., maps ;</subfield>
            <subfield code="c">20 cm.</subfield>
          </datafield>
          <datafield tag="500" ind1=" " ind2=" ">
            <subfield code="a">Reprint. Originally published: London : Macmillan, 1897. With new introd.</subfield>
          </datafield>
          <datafield tag="500" ind1=" " ind2=" ">
            <subfield code="a">Includes index.</subfield>
          </datafield>
          <datafield tag="651" ind1=" " ind2="0">
            <subfield code="a">Africa, West</subfield>
            <subfield code="x">Description and travel.</subfield>
          </datafield>
          <datafield tag="600" ind1="1" ind2="0">
            <subfield code="a">Kingsley, Mary Henrietta,</subfield>
            <subfield code="d">1862-1900</subfield>
            <subfield code="x">Travel</subfield>
            <subfield code="z">Africa, West.</subfield>
          </datafield>
        </record>
      </zs:recordData>
      <zs:recordPosition>23</zs:recordPosition>
    </zs:record>