
    <zs:record>
      <zs:recordSchema/>
      <zs:recordPacking>xml</zs:recordPacking>
      <zs:recordData>
        <record xmlns="http://www.loc.gov/MARC21/slim">
          <leader>02598cam a22003737a 4500</leader>
          <controlfield tag="001">17328760</controlfield>
          <controlfield tag="005">20230802100907.0</controlfield>
          <controlfield tag="008">120521s2012    enka     b    001 0 eng d</controlfield>
          <datafield tag="906" ind1=" " ind2=" ">
            <subfield code="a">7</subfield>
            <subfield code="b">cbc</subfield>
            <subfield code="c">copycat</subfield>
            <subfield code="d">2</subfield>
            <subfield code="e">ncip</subfield>
            <subfield code="f">20</subfield>
            <subfield code="g">y-gencatlg</subfield>
          </datafield>
          <datafield tag="925" ind1="0" ind2=" ">
            <subfield code="a">acquire</subfield>
            <subfield code="b">1 shelf copy</subfield>
            <subfield code="x">policy default</subfield>
          </datafield>
          <datafield tag="955" ind1=" " ind2=" ">
            <subfield code="b">hf04 2012-07-19 z-processor to USAN/UKI</subfield>
            <subfield code="i">hf04 2012-08-03 Telework to BCCD</subfield>
          </datafield>
          <datafield tag="010" ind1=" " ind2=" ">
            <subfield code="a">  2012452140</subfield>
          </datafield>
          <datafield tag="020" ind1=" " ind2=" ">
            <subfield code="a">1443836370</subfield>
          </datafield>
          <datafield tag="020" ind1=" " ind2=" ">
            <subfield code="a">9781443836371</subfield>
          </datafield>
          <datafield tag="035" ind1=" " ind2=" ">
            <subfield code="a">(OCoLC)ocn774499248</subfield>
          </datafield>
          <datafield tag="040" ind1=" " ind2=" ">
            <subfield code="a">YDXCP</subfield>
            <subfield code="c">YDXCP</subfield>
            <subfield code="d">BWK</subfield>
            <subfield code="d">BUF</subfield>
            <subfield code="d">MIA</subfield>
            <subfield code="d">CDX</subfield>
            <subfield code="d">DLC</subfield>
          </datafield>
          <datafield tag="042" ind1=" " ind2=" ">
            <subfield code="a">lccopycat</subfield>
          </datafield>
          <datafield tag="050" ind1="0" ind2="0">
            <subfield code="a">PR788.T72</subfield>
            <subfield code="b">M35 2012</subfield>
          </datafield>
          <datafield tag="100" ind1="1" ind2=" ">
            <subfield code="a">McKenzie, Precious,</subfield>
            <subfield code="d">1975-</subfield>
          </datafield>
          <datafield tag="245" ind1="1" ind2="4">
            <subfield code="a">The right sort of woman :</subfield>
            <subfield code="b">Victorian travel writers and the fitness of an empire /</subfield>
            <subfield code="c">by Precious McKenzie.</subfield>
          </datafield>
          <datafield tag="260" ind1=" " ind2=" ">
            <subfield code="a">Newcastle upon Tyne, UK :</subfield>
            <subfield code="b">Cambridge Scholars,</subfield>
            <subfield code="c">c2012.</subfield>
          </datafield>
          <datafield tag="300" ind1=" " ind2=" ">
            <subfield code="a">vi, 150 p. :</subfield>
            <subfield code="b">ill. ;</subfield>
            <subfield code="c">22 cm.</subfield>
          </datafield>
          <datafield tag="504" ind1=" " ind2=" ">
            <subfield code="a">Includes bibliographical references (p. [135]-144) and index.</subfield>
          </datafield>
          <datafield tag="520" ind1=" " ind2=" ">
            <subfield code="a">The rhetoric surrounding Empire, freedom, and adventure are nowhere more striking than in nineteenth-century British women's travel writing. The Right Sort of Woman charts the progression of British feminism in relationship to exploration of the Empire. Precious McKenzie introduces us to the lesser known writings of Florence Douglas Dixie, Mrs. Aubrey Le Blond, and Isabel Savory, and also revisits the more widely read travel texts of Isabella Bird Bishop and Mary Kingsley. Their travel writings explore the hotly debated Victorian ideologies of femininity, equality, and fitness. McKenzie contends that British women travel writers found opportunities for freedom when traveling abroad. Women travelers could participate in what were traditionally men's sports: hunting, riding, canoeing, shooting, mountaineering when far away from strict Victorian social codes of behavior. Because of their athletic pursuits while abroad, British women travelers found their health improved as did their self-reliance and self-confidence. McKenzie considers how sports shaped the British feminist movement and then became integral to the revolutionary image of the New Woman.</subfield>
          </datafield>
          <datafield tag="650" ind1=" " ind2="0">
            <subfield code="a">Women travelers</subfield>
            <subfield code="z">Great Britain</subfield>
            <subfield code="v">Biography.</subfield>
          </datafield>
          <datafield tag="650" ind1=" " ind2="0">
            <subfield code="a">English prose literature</subfield>
            <subfield code="x">Women authors.</subfield>
          </datafield>
          <datafield tag="650" ind1=" " ind2="0">
            <subfield code="a">Travel in literature.</subfield>
          </datafield>
          <datafield tag="700" ind1="1" ind2=" ">
            <subfield code="a">Bird, Isabella L.</subfield>
            <subfield code="q">(Isabella Lucy),</subfield>
            <subfield code="d">1831-1904.</subfield>
          </datafield>
          <datafield tag="700" ind1="1" ind2=" ">
            <subfield code="a">Dixie, Florence,</subfield>
            <subfield code="c">Lady,</subfield>
            <subfield code="d">1855-1905.</subfield>
          </datafield>
          <datafield tag="700" ind1="1" ind2=" ">
            <subfield code="a">Kingsley, Mary Henrietta,</subfield>
            <subfield code="d">1862-1900.</subfield>
          </datafield>
          <datafield tag="700" ind1="1" ind2=" ">
            <subfield code="a">Savory, Isabel.</subfield>
          </datafield>
          <datafield tag="700" ind1="1" ind2=" ">
            <subfield code="a">Le Blond, Aubrey,</subfield>
            <subfield code="c">Mrs.,</subfield>
            <subfield code="d">1860-1934.</subfield>
          </datafield>
          <datafield tag="923" ind1=" " ind2=" ">
            <subfield code="d">05-25-12</subfield>
            <subfield code="n">I-200004091  1</subfield>
            <subfield code="s">Uk-RwCLS</subfield>
          </datafield>
          <datafield tag="985" ind1=" " ind2=" ">
            <subfield code="e">VENDOR LOAD</subfield>
          </datafield>
        </record>
      </zs:recordData>
      <zs:recordPosition>31</zs:recordPosition>
    </zs:record>
  </zs:records>
  <zs:echoedSearchRetrieveRequest>
    <zs:version>1.1</zs:version>
    <zs:query>dc.creator="Kingsley, Mary" or dc.creator="Kingsley, Mary H." or dc.creator="Kingsley, Mary Henrietta"</zs:query>
    <zs:maximumRecords>100</zs:maximumRecords>
    <zs:recordPacking>xml</zs:recordPacking>
  </zs:echoedSearchRetrieveRequest>
</zs:searchRetrieveResponse>
